<record xmlns="http://www.loc.gov/MARC21/slim" xmlns:xsi="http://www.w3.org/2001/XMLSchema-instance" xsi:schemaLocation="http://www.loc.gov/MARC21/slim http://www.loc.gov/standards/marcxml/schema/MARC21slim.xsd">

  <leader>00623nam a2200157Ia 4500</leader>
  <datafield tag="999" ind1=" " ind2=" ">
    <subfield code="c">2187</subfield>
    <subfield code="d">2187</subfield>
  </datafield>
  <controlfield tag="008">180712b2005    fr ||||| |||| 00| | spa d</controlfield>
  <datafield ind1=" " ind2=" " tag="090">
    <subfield code="a">15.04.02 </subfield>
    <subfield code="b">1713</subfield>
  </datafield>
  <datafield tag="110" ind2=" " ind1=" ">
    <subfield code="a">Instituto Internacional de Planeamiento de la Educacion (IIPE) UNESCO</subfield>
    <subfield code="9">4025</subfield>
  </datafield>
  <datafield ind1="1" ind2="3" tag="245">
    <subfield code="a">El papel de la educacion en la proteccion, cuidado y apoyo a los huerfanos y los niños vulnerables que viven en un mundo con VIH y Sida / </subfield>
    <subfield code="c">Instituto Internacional de Planeamiento de la Educacion (IIPE)</subfield>
  </datafield>
  <datafield ind2=" " ind1=" " tag="260">
    <subfield code="a">Francia : </subfield>
    <subfield code="b">IIPE, </subfield>
    <subfield code="c">2005</subfield>
  </datafield>
  <datafield ind2=" " ind1=" " tag="300">
    <subfield code="a">45 páginas</subfield>
  </datafield>
  <datafield tag="650" ind1="1" ind2="4">
    <subfield code="a">SIDA</subfield>
    <subfield code="9">70</subfield>
  </datafield>
  <datafield tag="650" ind1="1" ind2="4">
    <subfield code="a">EDUCACIÓN</subfield>
    <subfield code="9">1</subfield>
  </datafield>
  <datafield ind2="4" ind1="1" tag="650">
    <subfield code="a">NIÑOS</subfield>
    <subfield code="9">59</subfield>
  </datafield>
  <datafield tag="942" ind2=" " ind1=" ">
    <subfield code="2">z</subfield>
    <subfield code="c">01</subfield>
  </datafield>
</record>